<record xmlns="http://www.loc.gov/MARC21/slim" xmlns:xsi="http://www.w3.org/2001/XMLSchema-instance" xsi:schemaLocation="http://www.loc.gov/MARC21/slim http://www.loc.gov/standards/marcxml/schema/MARC21slim.xsd"><leader>     nam a22        4500</leader><controlfield tag="001">3063222</controlfield><controlfield tag="003">NNC</controlfield><controlfield tag="006">m        d        </controlfield><controlfield tag="007">cr cn |||m|||a</controlfield><controlfield tag="008">150601m19051906ua      o     000 0 ara d</controlfield><datafield ind1=" " ind2=" " tag="040"><subfield code="a">NNU</subfield><subfield code="b">eng</subfield><subfield code="e">rda</subfield><subfield code="c">NNU</subfield></datafield><datafield ind1="1" ind2=" " tag="100"><subfield code="6">880-01</subfield><subfield code="a">Saffa&#772;ri&#772;ni&#772;, Muh&#803;ammad ibn Ah&#803;mad,</subfield><subfield code="d">1702 or 1703-1774.</subfield></datafield><datafield ind1="1" ind2="0" tag="240"><subfield code="6">880-02</subfield><subfield code="a">Lawa&#772;&#700;ih&#803; al-anwa&#772;r al-bahi&#772;yah wa-sawa&#772;t&#803;i&#699; al-asra&#772;r al-athari&#772;yah</subfield></datafield><datafield ind1="1" ind2="0" tag="245"><subfield code="6">880-03</subfield><subfield code="a">Kita&#772;b Lawa&#772;&#700;ih&#803; al-anwa&#772;r al-bahi&#772;yah wa-sawa&#772;t&#803;i&#699; al-asra&#772;r al-athari&#772;yah :</subfield><subfield code="b">[li-Mas&#699;u&#772;d ibn &#699;Ali&#772; Rid&#803;a&#772;] li-sharh&#803; al-Durrah al-mud&#803;i&#772;&#700;ah fi&#772; &#699;aqd al-firqah al-mard&#803;i&#772;yah /</subfield><subfield code="c">ta&#700;li&#772;f Muh&#803;ammad ibn Ah&#803;mad al-Saffa&#772;ri&#772;ni&#772; al-Athari&#772; al-H&#803;anbali&#772;.</subfield></datafield><datafield ind1=" " ind2=" " tag="260"><subfield code="6">880-04</subfield><subfield code="a">Mis&#803;r :</subfield><subfield code="b">Mat&#803;ba&#699;at Majallat al-Mana&#772;r al-Isla&#772;mi&#772;yah,</subfield><subfield code="c">1323-24 h. [1905-06]</subfield></datafield><datafield ind1=" " ind2=" " tag="300"><subfield code="a">online resource (2 volumes in 1.)</subfield></datafield><datafield ind1=" " ind2=" " tag="336"><subfield code="a">text</subfield><subfield code="2">rdacontent</subfield></datafield><datafield ind1=" " ind2=" " tag="337"><subfield code="a">computer</subfield><subfield code="2">rdamedia</subfield></datafield><datafield ind1=" " ind2=" " tag="338"><subfield code="a">online resource</subfield><subfield code="2">rdacarrier</subfield></datafield><datafield ind1=" " ind2=" " tag="500"><subfield code="a">Part of the Arabic Collections Online (ACO) project, contributed by Columbia University Libraries.</subfield></datafield><datafield ind1=" " ind2=" " tag="533"><subfield code="a">Electronic reproduction.</subfield><subfield code="b">New York, N.Y. :</subfield><subfield code="c">New York University,</subfield><subfield code="d">2015.</subfield><subfield code="5">NNU</subfield></datafield><datafield ind1=" " ind2="0" tag="650"><subfield code="a">Islam</subfield><subfield code="x">Doctrines.</subfield></datafield><datafield ind1="2" ind2=" " tag="710"><subfield code="a">Columbia University.</subfield><subfield code="b">Libraries.</subfield></datafield><datafield ind1="0" ind2=" " tag="730"><subfield code="a">Arabic Collections Online.</subfield></datafield><datafield ind1="0" ind2="8" tag="776"><subfield code="i">Print version:</subfield><subfield code="a">Saffa&#772;ri&#772;ni&#772;, Muh&#803;ammad ibn Ah&#803;mad, 1702 or 1703-1774.</subfield><subfield code="t">Kita&#772;b Lawa&#772;&#700;ih&#803; al-anwa&#772;r al-bahi&#772;yah wa-sawa&#772;t&#803;i&#699; al-asra&#772;r al-athari&#772;yah</subfield><subfield code="w">(NNC)3063222</subfield><subfield code="w">(OCoLC)47755320</subfield></datafield><datafield ind1="4" ind2="0" tag="856"><subfield code="u">http://hdl.handle.net/2333.1/9zw3r4gb</subfield></datafield><datafield ind1="1" ind2=" " tag="880"><subfield code="6">100-01/r</subfield><subfield code="a">&#1587;&#1601;&#1575;&#1585;&#1610;&#1606;&#1610;&#1548; &#1605;&#1581;&#1605;&#1583; &#1576;&#1606; &#1575;&#1581;&#1605;&#1583;&#1548;</subfield><subfield code="d">1702 or 1703-1774</subfield></datafield><datafield ind1="1" ind2="0" tag="880"><subfield code="6">240-02/r</subfield><subfield code="a">&#1604;&#1608;&#1575;&#1574;&#1581; &#1575;&#1604;&#1575;&#1606;&#1608;&#1575;&#1585; &#1575;&#1604;&#1576;&#1607;&#1610;&#1577; &#1608;&#1587;&#1608;&#1575;&#1591;&#1593; &#1575;&#1604;&#1575;&#1587;&#1585;&#1575;&#1585; &#1575;&#1604;&#1575;&#1579;&#1585;&#1610;&#1577;</subfield></datafield><datafield ind1="1" ind2="0" tag="880"><subfield code="6">245-03/r</subfield><subfield code="a">&#1603;&#1578;&#1575;&#1576; &#1604;&#1608;&#1575;&#1574;&#1581; &#1575;&#1604;&#1575;&#1606;&#1608;&#1575;&#1585; &#1575;&#1604;&#1576;&#1607;&#1610;&#1577; &#1608;&#1587;&#1608;&#1575;&#1591;&#1593; &#1575;&#1604;&#1575;&#1587;&#1585;&#1575;&#1585; &#1575;&#1604;&#1575;&#1579;&#1585;&#1610;&#1577; :</subfield><subfield code="b">[&#1604;&#1605;&#1587;&#1593;&#1608;&#1583; &#1576;&#1606; &#1593;&#1604;&#1610; &#1585;&#1590;&#1575;] &#1604;&#1588;&#1585;&#1581; &#1575;&#1604;&#1583;&#1585;&#1577; &#1575;&#1604;&#1605;&#1590;&#1610;&#1574;&#1577; &#1601;&#1610; &#1593;&#1602;&#1583; &#1575;&#1604;&#1601;&#1585;&#1602;&#1577; &#1575;&#1604;&#1605;&#1585;&#1590;&#1610;&#1577; /</subfield><subfield code="c">&#1578;&#1571;&#1604;&#1610;&#1601; &#1605;&#1581;&#1605;&#1583; &#1576;&#1606; &#1575;&#1581;&#1605;&#1583; &#1575;&#1604;&#1587;&#1601;&#1575;&#1585;&#1610;&#1606;&#1610; &#1575;&#1604;&#1575;&#1579;&#1585;&#1610; &#1575;&#1604;&#1581;&#1606;&#1576;&#1604;&#1610;.</subfield></datafield><datafield ind1=" " ind2=" " tag="880"><subfield code="6">260-04/r</subfield><subfield code="a">&#1605;&#1589;&#1585; :</subfield><subfield code="b">&#1605;&#1591;&#1576;&#1593;&#1577; &#1605;&#1580;&#1604;&#1577; &#1575;&#1604;&#1605;&#1606;&#1575;&#1585; &#1575;&#1604;&#1575;&#1587;&#1604;&#1575;&#1605;&#1610;&#1577;&#1548;</subfield><subfield code="c">132324 &#1607;. [190506]</subfield></datafield><datafield ind1=" " ind2=" " tag="959"><subfield code="a">NNU</subfield><subfield code="b">WEB</subfield><subfield code="c">GENI</subfield><subfield code="t">0</subfield><subfield code="m">Electronic access</subfield><subfield code="s">01</subfield></datafield><datafield ind1=" " ind2=" " tag="999"><subfield code="i">NNC_3063222</subfield><subfield code="o">(OCoLC)ocm47755320</subfield><subfield code="s">columbia_aco000457</subfield><subfield code="e">(ERROR-880)</subfield><subfield code="s">columbia_aco000457</subfield></datafield></record>